@article{lees2010theoretical,
  title={Theoretical maximum capacity as benchmark for empty vehicle redistribution in personal rapid transit},
  author={Lees-Miller, John D and Hammersley, John C and Wilson, R Eddie},
  journal={Transportation Research Record},
  volume={2146},
  number={1},
  pages={76--83},
  year={2010},
  publisher={SAGE Publications Sage CA: Los Angeles, CA}
}

@article{Noble2019Incorporation,
  title={Incorporation of sarcolemmal calcium transporters into the Shorten et al (2007) model of skeletal muscle: equations, coding and stability},
  author={Noble, PJ and Garny, A and Shorten, PR and Tasaki, KM and Afshar, N and Noble, D},
  journal={IUPS Physiome},
  year={2019},
  doi={https://doi.org/10.36903/physiome.12885590}
}

@article{shorten2007mathematical,
  title={A mathematical model of fatigue in skeletal muscle force contraction},
  author={Shorten, Paul R and Oâ€™Callaghan, Paul and Davidson, John B and Soboleva, Tanya K},
  journal={Journal of muscle research and cell motility},
  volume={28},
  number={6},
  pages={293--313},
  year={2007},
  publisher={Springer}
}

@article{garny2015opencor,
  title={OpenCOR: a modular and interoperable approach to computational biology},
  author={Garny, Alan and Hunter, Peter J},
  journal={Frontiers in physiology},
  volume={6},
  pages={26},
  year={2015},
  publisher={Frontiers}
}

@article{green2000interstitial,
  title={Interstitial and arterial-venous [K+] in human calf muscle during dynamic exercise: effect of ischaemia and relation to muscle pain},
  author={Green, Simon and Langberg, Henning and Skovgaard, Dorthe and B{\"u}low, Jens and Kj{\ae}r, Michael},
  journal={The Journal of physiology},
  volume={529},
  number={3},
  pages={849--861},
  year={2000},
  publisher={Wiley Online Library}
}

@article{hyodo2006immediate,
  title={Immediate effect of Shakuyaku-kanzo-to on muscle cramp in hemodialysis patients},
  author={Hyodo, Toru and Taira, Takayasu and Takemura, Toru and Yamamoto, Sumiko and Tsuchida, Mayumi and Yoshida, Kazunari and Uchida, Toyoaki and Sakai, Tadasu and Hidai, Hideo and Baba, Shiro},
  journal={Nephron Clinical Practice},
  volume={104},
  number={1},
  pages={c28--c32},
  year={2006},
  publisher={Karger Publishers}
}

@article{maisonneuve2016prevalence,
  title={Prevalence of cramps in patients over the age of 60 in primary care: a cross sectional study},
  author={Maisonneuve, Hubert and Chambe, Juliette and Delacour, Chlo{\'e} and Muller, Joris and Rougerie, Fabien and Haller, Dagmar M and Leveque, Michel},
  journal={BMC family practice},
  volume={17},
  number={1},
  pages={111},
  year={2016},
  publisher={BioMed Central}
}

@misc{millerexercise,
  title={Exercise-Associated Muscle Cramps. Sports Health},
  author={Miller, KC and Stone, MS and Huxel, KC and Edwards, JE},
  year = {2010},
  journal = {Sports Health 2 (4): 279--283}
}

@article{naylor1994general,
  title={A general population survey of rest cramps},
  author={Naylor, JR and Young, JB},
  journal={Age and ageing},
  volume={23},
  number={5},
  pages={418--420},
  year={1994},
  publisher={Oxford University Press}
}

@article{nielsen2004effects,
  title={Effects of high-intensity intermittent training on potassium kinetics and performance in human skeletal muscle},
  author={Nielsen, Jens Jung and Mohr, Magni and Klarskov, Christina and Kristensen, Michael and Krustrup, Peter and Juel, Carsten and Bangsbo, Jens},
  journal={The Journal of physiology},
  volume={554},
  number={3},
  pages={857--870},
  year={2004},
  publisher={Wiley Online Library}
}

@article{noble2016action,
  title={Action by Shakuyaku-kanzo-to (SKT) and one of its Chemical Components, Glycyrrhetic acid (GA), on Calcium Influx through L-type Calcium Channel},
  author={Noble, Denis and Sam, Cynthia and Tasaki, Kazuyo Maria},
  journal={The FASEB Journal},
  volume={30},
  number={1\_supplement},
  pages={lb710--lb710},
  year={2016},
  publisher={The Federation of American Societies for Experimental Biology}
}

@article{Sam2015Actions,
  title={Actions of a multi-component medication, SKT, on skeletal, smooth and cardiac muscle},
  author={Sam C, Terrar D, Tasaki KM & Noble D.},
  journal={Physiological Society Proceedings 34 PC024},
  year={2016},
}

